<marc:record xmlns:marc="http://www.loc.gov/MARC21/slim" xmlns:xsi="http://www.w3.org/2001/XMLSchema-instance" xsi:schemaLocation="http://www.loc.gov/MARC21/slim http://www.loc.gov/standards/marcxml/schema/MARC21slim.xsd">
  <marc:leader>     nam a2200229 a 4500</marc:leader>
  <marc:controlfield tag="001">001680092</marc:controlfield>
  <marc:controlfield tag="003">NNU</marc:controlfield>
  <marc:controlfield tag="005">19971116003255.0</marc:controlfield>
  <marc:controlfield tag="008">850825s1930    ua      a     000 0 ara d</marc:controlfield>
  <marc:datafield tag="035" ind1="9" ind2=" ">
    <marc:subfield code="a">NYUb12223492</marc:subfield>
  </marc:datafield>
  <marc:datafield tag="035" ind1=" " ind2=" ">
    <marc:subfield code="a">(CU)GLAD50443283</marc:subfield>
  </marc:datafield>
  <marc:datafield tag="035" ind1=" " ind2=" ">
    <marc:subfield code="a">(CStRLIN)CUBGGLAD50443283-B</marc:subfield>
  </marc:datafield>
  <marc:datafield tag="040" ind1=" " ind2=" ">
    <marc:subfield code="a">CU</marc:subfield>
    <marc:subfield code="c">CU</marc:subfield>
  </marc:datafield>
  <marc:datafield tag="100" ind1="1" ind2=" ">
    <marc:subfield code="a">ʻAbd al-Rāziq, Muṣṭafá,</marc:subfield>
    <marc:subfield code="d">1886-1947.</marc:subfield>
  </marc:datafield>
  <marc:datafield tag="245" ind1="1" ind2="3">
    <marc:subfield code="a">Al-bahāʼ Zuhayr /</marc:subfield>
    <marc:subfield code="c">baḥth bi-qalam Muṣṭafá ʻAbd al-Rāziq.</marc:subfield>
  </marc:datafield>
  <marc:datafield tag="250" ind1=" " ind2=" ">
    <marc:subfield code="a">al-Ṭabʻah 1.</marc:subfield>
  </marc:datafield>
  <marc:datafield tag="260" ind1=" " ind2=" ">
    <marc:subfield code="a">al-Qāhirah :</marc:subfield>
    <marc:subfield code="b">Maṭbaʻat Dār al-Kutub al-Miṣrīyah,</marc:subfield>
    <marc:subfield code="c">1930.</marc:subfield>
  </marc:datafield>
  <marc:datafield tag="300" ind1=" " ind2=" ">
    <marc:subfield code="a">94 p. ;</marc:subfield>
    <marc:subfield code="c">20 cm.</marc:subfield>
  </marc:datafield>
  <marc:datafield tag="600" ind1="0" ind2="0">
    <marc:subfield code="a">Bahāʼ al-Dīn Zuhayr ibn Muḥammad,</marc:subfield>
    <marc:subfield code="d">1185-1258.</marc:subfield>
  </marc:datafield>
  <marc:datafield tag="700" ind1="0" ind2="2">
    <marc:subfield code="a">Bahāʼ al-Dīn Zuhayr ibn Muḥammad,</marc:subfield>
    <marc:subfield code="d">1185-1258.</marc:subfield>
    <marc:subfield code="t">Poems.</marc:subfield>
    <marc:subfield code="f">1930.</marc:subfield>
  </marc:datafield>
  <marc:datafield tag="950" ind1=" " ind2=" ">
    <marc:subfield code="l">BMAIN</marc:subfield>
    <marc:subfield code="a">PJ7755.B3</marc:subfield>
    <marc:subfield code="b">B3 1930</marc:subfield>
  </marc:datafield>
  <marc:datafield tag="955" ind1=" " ind2=" ">
    <marc:subfield code="l">BMAIN</marc:subfield>
    <marc:subfield code="c">1</marc:subfield>
    <marc:subfield code="r">028860032</marc:subfield>
  </marc:datafield>
  <marc:datafield tag="998" ind1=" " ind2=" ">
    <marc:subfield code="s">9115</marc:subfield>
  </marc:datafield>
</marc:record>
